@article{ayoub2024,
  title = {Mitigating the Curse of Horizon in Monte-Carlo Returns},
  journal = RLJ,
  year = {2024},
}
