@article{MEHTA2007237,
  author = {Shefali V. Mehta and Robert G. Haight and Frances R. Homans and
            Stephen Polasky and Robert C. Venette},
  journal = {Ecological Economics},
  title = {Optimal detection and control strategies for invasive species
           management},
  year = {2007},
  number = {2},
  pages = {237--245},
  volume = {61},
}

@book{follmer2016,
  author = {F{\"o}llmer, Hans and Schied, Alexander},
  title = {Stochastic Finance: An Introduction in Discrete Time},
  publisher = {De Gruyter},
  year = {2016},
}

@article{Hall2018,
  author = {Hall, Kim Meyer and Albers, Heidi J. and Alkaee Taleghan, Majid and
            Dietterich, Thomas G.},
  journal = {Environmental and Resource Economics},
  title = {Optimal Spatial-Dynamic Management of Stochastic Species Invasions},
  year = {2018},
  number = {2},
  volume = {70},
}

@book{boyd_convex_optimization,
  author = {Boyd and Vandenberghe},
  title = {Convex Optimization},
  publisher = "Cambridge University Press",
  year = {2004},
}

@inproceedings{Hau2023OnDP,
  title = {On Dynamic Programming Decompositions of Static Risk Measures in
           Markov Decision Processes},
  author = {Jia Lin Hau and Erick Delage and Mohammad Ghavamzadeh and Marek
            Petrik},
  booktitle = {Neural Information Processing Systems},
  year = {2023},
  url = {https://api.semanticscholar.org/CorpusID:259064374},
}

@article{DeFarias2003,
  author = {de Farias, D. P. and {Van Roy}, B.},
  journal = {Operations Research},
  title = {{The Linear Programming Approach to Approximate Dynamic Programming}},
  year = {2003},
  number = {6},
  pages = {850--865},
  volume = {51},
  mendeley-groups = {RL},
}

@inproceedings{Regan2012,
  author = {Regan, Kevin and Boutilier, Craig},
  booktitle = {Conference on Uncertainty in Artificial Intelligence},
  title = {Regret-Based Reward Elicitation for Markov Decision Processes},
  year = {2009},
  pages = {444--451},
}

@article{Petrik2010a,
  author = {Petrik, Marek and Taylor, Gavin and Parr, Ron and Zilberstein,
            Shlomo},
  title = {{Feature Selection Using Regularization in Approximate Linear
           Programs for Markov Decision Processes}},
  year = {2010},
  archiveprefix = {arXiv},
  arxivid = {1005.1860},
  eprint = {1005.1860},
}

@article{VanRoy2002,
  author = {Daniela P. de Farias, Benjamin Van Roy},
  journal = {Comparative and General Pharmacology},
  title = {{Approximate Dynamic Programming via Linear Programming}},
  year = {2002},
  number = {1995},
  pages = {255--269},
}

@article{VanRoy2006c,
  author = {{Van Roy}, Benjamin and Benjamin},
  journal = {Mathematics of Operations Research},
  title = {{Performance Loss Bounds for Approximate Value Iteration with State
           Aggregation}},
  year = {2006},
  number = {2},
  pages = {234--244},
  volume = {31},
  mendeley-groups = {RL},
}

@article{DeFarias2003,
  author = {de Farias, D. P. and {Van Roy}, B.},
  journal = {Operations Research},
  title = {{The Linear Programming Approach to Approximate Dynamic Programming}},
  year = {2003},
  number = {6},
  pages = {850--865},
  volume = {51},
  mendeley-groups = {RL},
}

@inproceedings{Huang2018,
  author = {Huang, Jessie and Wu, Fa and Precup, Doina and Cai, Yang},
  booktitle = {Advances in Neural Information Processing Systems},
  title = {Learning Safe Policies with Expert Guidance},
  year = {2018},
  editor = {S. Bengio and H. Wallach and H. Larochelle and K. Grauman and N.
            Cesa-Bianchi and R. Garnett},
  pages = {9105--9114},
  publisher = {Curran Associates, Inc.},
  volume = {31},
}

@book{Puterman1994,
  author = {Puterman, Martin L.},
  publisher = {John Wiley; Sons, Inc.},
  title = {Markov Decision Processes: Discrete Stochastic Dynamic Programming},
  year = {1994},
  edition = {1\textsuperscript{st}},
}

@article{Chow2015,
  author = {Chow, Yinlam and Tamar, Aviv and Mannor, Shie and Pavone, Marco},
  title = {{Risk-Sensitive and Robust Decision-Making: a CVaR Optimization
           Approach}},
  year = {2015},
  pages = {1--21},
  archiveprefix = {arXiv},
  arxivid = {1506.02188},
  eprint = {1506.02188},
  mendeley-tags = {reward elicitation,robust mdp,risk},
}

@article{howard1972,
  author = {Howard, Ronald A and Matheson, James E},
  journal = {Management Science},
  title = {{Risk-Sensitive Markov Decision Processes}},
  year = {1972},
  number = {7},
  pages = {356--369},
  volume = {18},
}

@article{Bauerle2011,
  author = {B{\"{a}}uerle, Nicole and Ott, Jonathan},
  journal = {Mathematical Methods of Operations Research},
  title = {{Markov Decision Processes with Average-Value-at-Risk criteria}},
  year = {2011},
  number = {3},
  pages = {361--379},
  volume = {74},
}

@article{Defourny2008,
  author = {Defourny, Boris and Ernst, Damien and Wehenkel, Louis},
  journal = {NIPS-08 Workshop on Model Uncertainty and Risk in Reinforcement
             Learning},
  title = {{Risk-Aware Decision Making and Dynamic Programming}},
  year = {2008},
  pages = {1--8},
}

@misc{gurobi,
  author = {{Gurobi Optimization, LLC}},
  title = {{Gurobi Optimizer Reference Manual}},
  year = 2023,
  url = "https://www.gurobi.com",
}
